<record><leader>00000cas a22000007a 4500</leader><controlfield tag="001">26293316</controlfield><controlfield tag="008">920731d1969197uctudn ne      0    0eng d</controlfield><datafield ind1=" " ind2=" " tag="010"><subfield code="a">sn 92051353 </subfield></datafield><datafield ind1=" " ind2=" " tag="040"><subfield code="a">CNW</subfield><subfield code="b">eng</subfield><subfield code="c">CNW</subfield><subfield code="d">OCLCQ</subfield></datafield><datafield ind1=" " ind2=" " tag="042"><subfield code="a">msc</subfield></datafield><datafield ind1="0" ind2=" " tag="130"><subfield code="a">Town crier (Westport, Conn. : 1969)</subfield></datafield><datafield ind1="1" ind2="4" tag="245"><subfield code="a">The town crier.</subfield></datafield><datafield ind1=" " ind2=" " tag="260"><subfield code="a">Westport, Conn. :</subfield><subfield code="b">Culligan Mid-Fairfield Pub. Co.</subfield></datafield><datafield ind1=" " ind2=" " tag="300"><subfield code="a">v.</subfield></datafield><datafield ind1=" " ind2=" " tag="310"><subfield code="a">Daily (except Sun. and Mon.)</subfield></datafield><datafield ind1="0" ind2=" " tag="362"><subfield code="a">Vol. 102, no. 1 (Apr. 22, 1969)-</subfield></datafield><datafield ind1=" " ind2=" " tag="500"><subfield code="a">Issues for Feb. 26-&lt;May 9, 1970&gt; called: Westport-Weston-Wilton [ed.].</subfield></datafield><datafield ind1=" " ind2=" " tag="580"><subfield code="a">Other ed. available: Town crier (Westport, Conn. : Fairfield ed.), Sept. 9, 1969-197.</subfield></datafield><datafield ind1=" " ind2="4" tag="651"><subfield code="a">Westport (Conn.)</subfield><subfield code="v">Newspapers.</subfield></datafield><datafield ind1=" " ind2="4" tag="651"><subfield code="a">Wilton (Conn.)</subfield><subfield code="v">Newspapers.</subfield></datafield><datafield ind1=" " ind2="4" tag="651"><subfield code="a">Weston (Conn.)</subfield><subfield code="v">Newspapers.</subfield></datafield><datafield ind1=" " ind2=" " tag="752"><subfield code="a">United States</subfield><subfield code="b">Connecticut</subfield><subfield code="c">Fairfield</subfield><subfield code="d">Westport.</subfield></datafield><datafield ind1="1" ind2=" " tag="775"><subfield code="t">Town crier (Westport, Conn. : Fairfield ed.)</subfield><subfield code="w">(DLC)sn 92051333</subfield><subfield code="w">(OCoLC)26268792</subfield></datafield><datafield ind1="0" ind2="0" tag="780"><subfield code="t">Daily town crier</subfield><subfield code="w">(DLC)sn 92051351</subfield></datafield><datafield ind1="1" ind2=" " tag="029"><subfield code="a">AU@</subfield><subfield code="b">000020738948</subfield></datafield></record>